<?xml version="1.0" encoding="UTF-8"?><collection xmlns="http://www.loc.gov/MARC21/slim"><record><leader>00549nam--2200193-i-4500</leader><controlfield tag="001">000015924</controlfield><controlfield tag="002">20161230</controlfield><controlfield tag="005">20161230201031</controlfield><controlfield tag="008">060222s1000------------r-----000-0-rum-d</controlfield><datafield ind1=" " ind2=" " tag="040"><subfield code="a">IFIN-HH</subfield></datafield><datafield ind1=" " ind2=" " tag="041"><subfield code="a">rum</subfield></datafield><datafield ind1=" " ind2=" " tag="080"><subfield code="a">519.857:681.3.06</subfield></datafield><datafield ind1="1" ind2=" " tag="100"><subfield code="a">Bellman, Richard E</subfield></datafield><datafield ind1="1" ind2="0" tag="245"><subfield code="a">Programarea dinamica aplicata</subfield><subfield code="b">Traducere din limba engleza</subfield><subfield code="c">Richard e. bellman, stuart e. dreyfus</subfield></datafield><datafield ind1=" " ind2=" " tag="260"><subfield code="a">Bucuresti</subfield><subfield code="b">Editura Tehnica</subfield><subfield code="c">1967</subfield></datafield><datafield ind1=" " ind2=" " tag="300"><subfield code="a">439 P</subfield></datafield><datafield ind1="1" ind2=" " tag="700"><subfield code="a">Dreyfus, Stuart E</subfield></datafield><datafield ind1=" " ind2=" " tag="852"><subfield code="a">27357</subfield><subfield code="c">519.283</subfield></datafield><datafield ind1=" " ind2=" " tag="CAT"><subfield code="a">Sys</subfield><subfield code="c">20130807</subfield><subfield code="h">135210</subfield></datafield></record></collection>